<record><leader>00000cas a22000007a 4500</leader><controlfield tag="001">12483648</controlfield><controlfield tag="008">850903d18991925ksudr ne      0    0eng d</controlfield><datafield ind1=" " ind2=" " tag="010"><subfield code="a">sn 85032682 </subfield></datafield><datafield ind1=" " ind2=" " tag="040"><subfield code="a">KSH</subfield><subfield code="b">eng</subfield><subfield code="c">KSH</subfield><subfield code="d">NPT</subfield><subfield code="d">YOX</subfield><subfield code="d">OCLCQ</subfield></datafield><datafield ind1=" " ind2=" " tag="042"><subfield code="a">msc</subfield></datafield><datafield ind1="0" ind2="4" tag="245"><subfield code="a">The Salina daily union.</subfield></datafield><datafield ind1=" " ind2=" " tag="260"><subfield code="a">Salina, Kan. :</subfield><subfield code="b">H.N. Gaines,</subfield><subfield code="c">1899-1925.</subfield></datafield><datafield ind1=" " ind2=" " tag="300"><subfield code="a">28 v. :</subfield><subfield code="b">ill. ;</subfield><subfield code="c">58 cm.</subfield></datafield><datafield ind1=" " ind2=" " tag="310"><subfield code="a">Daily (except Sunday)</subfield></datafield><datafield ind1="0" ind2=" " tag="362"><subfield code="a">Vol. 1, no. 195 (Jan. 30, [1899])-v. 28, no. 89 (Oct. 12, 1925).</subfield></datafield><datafield ind1=" " ind2=" " tag="500"><subfield code="a">Publisher varies.</subfield></datafield><datafield ind1=" " ind2=" " tag="580"><subfield code="a">Issued also in a weekly edition called: Salina weekly union (Salina, Kan. : 1896) Jan. 30, 1896-May 4, 1905; semiweekly editions called: Salina union twice-a-week, May 8, 1905-July 4, 1907; Salina union (Salina, Kan. : 1907) July 8, 1907-Oct. 8, 1915.</subfield></datafield><datafield ind1=" " ind2=" " tag="580"><subfield code="a">Issued also in weekly editions called: Salina weekly union (Salina, Kan. : 1915) Oct. 14, 1915-Dec. 7, 1916; National field and the Salina weekly union, Dec. 14, 1916-Sept. 27, 1917; National field, Oct. 4, 1917-&lt;Feb. 7, 1918&gt;.</subfield></datafield><datafield ind1=" " ind2=" " tag="752"><subfield code="a">United States</subfield><subfield code="b">Kansas</subfield><subfield code="c">Saline</subfield><subfield code="d">Salina.</subfield></datafield><datafield ind1="1" ind2=" " tag="775"><subfield code="t">Salina weekly union (Salina, Kan. : 1896)</subfield><subfield code="w">(DLC)sn 85032675</subfield></datafield><datafield ind1="1" ind2=" " tag="775"><subfield code="t">Salina union twice-a-week</subfield><subfield code="w">(DLC)sn 85032676</subfield></datafield><datafield ind1="1" ind2=" " tag="775"><subfield code="t">Salina union (Salina, Kan. : 1907)</subfield><subfield code="w">(DLC)sn 85032677</subfield></datafield><datafield ind1="1" ind2=" " tag="775"><subfield code="t">Salina weekly union (Salina, Kan. : 1915)</subfield><subfield code="w">(DLC)sn 85032678</subfield></datafield><datafield ind1="1" ind2=" " tag="775"><subfield code="t">National field and the Salina weekly union</subfield><subfield code="w">(DLC)sn 85032679</subfield></datafield><datafield ind1="1" ind2=" " tag="775"><subfield code="t">National field (Salina, Kan.)</subfield><subfield code="w">(DLC)sn 85032680</subfield></datafield><datafield ind1="0" ind2="0" tag="780"><subfield code="t">Salina union (Salina, Kan. : 1898)</subfield><subfield code="w">(DLC)sn 85032681</subfield></datafield><datafield ind1="0" ind2="7" tag="785"><subfield code="t">Salina evening journal</subfield><subfield code="w">(DLC)sn 85030813</subfield></datafield><datafield ind1="0" ind2="7" tag="785"><subfield code="t">Salina journal</subfield><subfield code="w">(OCoLC)820923</subfield></datafield></record>